@misc{censorshipInIndia,
    author    = "Tarun Kumar Yadav, Akshat Sinha, Devashish Gosain, Piyush Sharma, Sambuddho Chakravarty",
    title     = "Where The Light Gets In: Analyzing Web Censorship
Mechanisms in India",
    url       = "https://arxiv.org/pdf/1808.01708.pdf"
}